<collection xmlns="http://www.loc.gov/MARC21/slim">
<record>
  <leader>00860nam0a22001931i 450 </leader>
  <controlfield tag="001">IT\ICCU\CNCE\069577</controlfield>
  <controlfield tag="005">20070914000000.0</controlfield>
  <datafield tag="100" ind1=" " ind2=" ">
    <subfield code="a">20070122f15011525    0itac0103    ba</subfield>
  </datafield>
  <datafield tag="101" ind1=" " ind2=" ">
    <subfield code="a">ITA</subfield>
  </datafield>
  <datafield tag="102" ind1=" " ind2=" ">
    <subfield code="a">IT</subfield>
  </datafield>
  <datafield tag="200" ind1="1" ind2=" ">
    <subfield code="a">Transumpto concesso ala scola del Spirito Sancto de Venetia membro del Sacro &amp; apostolico hospitale de Sancto Spirito in Saxia in Roma</subfield>
  </datafield>
  <datafield tag="210" ind1=" " ind2=" ">
    <subfield code="d">\tra il 1501 e il 1525!</subfield>
  </datafield>
  <datafield tag="215" ind1=" " ind2=" ">
    <subfield code="a">\44! c.</subfield>
    <subfield code="c">ill.</subfield>
    <subfield code="d">8ʻ</subfield>
  </datafield>
  <datafield tag="300" ind1=" " ind2=" ">
    <subfield code="a">Stampata probabilmente a Venezia; per il luogo e la data cfr.: Catalogo dei libri a stampa in lingia italiana della Biblioteca Colombina di Siviglia, 858</subfield>
  </datafield>
  <datafield tag="620" ind1=" " ind2=" ">
    <subfield code="a">IT</subfield>
    <subfield code="d">Venezia</subfield>
  </datafield>
  <datafield tag="710" ind1="0" ind2="2">
    <subfield code="a">Confraternita dello Spirito Santo</subfield>
    <subfield code="c"> &lt;Venezia&gt;</subfield>
    <subfield code="3">27620</subfield>
  </datafield>
  <datafield tag="712" ind1="0" ind2="2">
    <subfield code="a">s.n.</subfield>
    <subfield code="3">IT\ICCU\CNCT\000002</subfield>
    <subfield code="4">650</subfield>
  </datafield>
  <datafield tag="791" ind1="0" ind2="2">
    <subfield code="a">Scuola dello Spirito Santo</subfield>
    <subfield code="c"> &lt;Venezia&gt;</subfield>
    <subfield code="3">27621</subfield>
    <subfield code="z">Confraternita dello Spirito Santo &lt;Venezia&gt;</subfield>
  </datafield>
  <datafield tag="801" ind1=" " ind2="3">
    <subfield code="a">IT</subfield>
    <subfield code="b">ICCU</subfield>
    <subfield code="c">20201115</subfield>
  </datafield>
</record>
</collection>
